%% LaTeX2e file `publication.bib'
%% generated by the `filecontents' environment
%% from source `TH_Thesis' on 2015/01/13.
%%


@article{Verbruggen2014,
author = {Verbruggen, Paul and Heinemann, Tim and Manders, Erik and von Bornstaedt, Gesa and van Driel, Roel and H\"{o}fer, Thomas},
doi = {10.1371/journal.pcbi.1003438},
editor = {Stelling, Jorg},
file = {:Users/theinemann/Library/Application Support/Mendeley Desktop/Downloaded/Verbruggen et al. - 2014 - Robustness of DNA Repair through Collective Rate Control.pdf:pdf},
issn = {1553-7358},
journal = {PLoS Computational Biology},
month = jan,
number = {1},
pages = {e1003438},
title = {{Robustness of DNA Repair through Collective Rate Control}},
url = {http://dx.plos.org/10.1371/journal.pcbi.1003438},
volume = {10},
year = {2014}
}


