@book{allison1999multiple,
  title={Multiple regression: A primer},
  author={Allison, Paul D},
  year={1999},
  publisher={Pine Forge Press}
}